<record><leader>00000cas a2200000 a 4500</leader><controlfield tag="001">32651231</controlfield><controlfield tag="007">hd afb---baca</controlfield><controlfield tag="008">950614c19919999gs zr nea     0   c0rusoc</controlfield><datafield ind1=" " ind2=" " tag="010"><subfield code="a">sn 96021673 </subfield></datafield><datafield ind1=" " ind2=" " tag="040"><subfield code="a">UIU</subfield><subfield code="b">eng</subfield><subfield code="c">UIU</subfield><subfield code="d">CRL</subfield><subfield code="d">WAU</subfield><subfield code="d">OCLCQ</subfield><subfield code="d">OCLCF</subfield><subfield code="d">OCLCO</subfield><subfield code="d">OCLCA</subfield><subfield code="d">OCLCQ</subfield></datafield><datafield ind1=" " ind2=" " tag="012"><subfield code="i">9609</subfield></datafield><datafield ind1=" " ind2=" " tag="042"><subfield code="a">pcc</subfield></datafield><datafield ind1=" " ind2=" " tag="043"><subfield code="a">a-gs---</subfield></datafield><datafield ind1="0" ind2="4" tag="082"><subfield code="a">057.1</subfield><subfield code="b">ZAV1a</subfield><subfield code="2">20</subfield></datafield><datafield ind1="0" ind2="0" tag="245"><subfield code="a">Svobodnai&#65056;a&#65057; Gruzii&#65056;a&#65057; :</subfield><subfield code="b">organ Verkhovnogo Soveta Respubliki Gruzii&#65056;a&#65057; = T&#699;aviss&#780;p&#699;ali Sak&#699;art&#699;velo.</subfield></datafield><datafield ind1="3" ind2="1" tag="246"><subfield code="a">T&#699;aviss&#780;p&#699;ali Sak&#699;art&#699;velo</subfield></datafield><datafield ind1=" " ind2=" " tag="260"><subfield code="a">Tbilisi :</subfield><subfield code="b">"Samshoblo",</subfield><subfield code="c">1991-</subfield></datafield><datafield ind1=" " ind2=" " tag="300"><subfield code="a">volumes :</subfield><subfield code="b">illustrations ;</subfield><subfield code="c">60 cm</subfield></datafield><datafield ind1=" " ind2=" " tag="310"><subfield code="a">Five times a week</subfield></datafield><datafield ind1=" " ind2=" " tag="336"><subfield code="a">text</subfield><subfield code="b">txt</subfield><subfield code="2">rdacontent</subfield></datafield><datafield ind1=" " ind2=" " tag="337"><subfield code="a">microform</subfield><subfield code="b">h</subfield><subfield code="2">rdamedia</subfield></datafield><datafield ind1=" " ind2=" " tag="338"><subfield code="a">microfilm reel</subfield><subfield code="b">hd</subfield><subfield code="2">rdacarrier</subfield></datafield><datafield ind1="0" ind2=" " tag="362"><subfield code="a">10 apr. 1991-</subfield></datafield><datafield ind1=" " ind2=" " tag="500"><subfield code="a">Issues for 1992- lack Georgian title.</subfield></datafield><datafield ind1=" " ind2=" " tag="515"><subfield code="a">Issues also designated as no. 1- within each year.</subfield></datafield><datafield ind1=" " ind2=" " tag="515"><subfield code="a">Issues for Jan. 9, 1992- also carry whole numbering, 261-</subfield></datafield><datafield ind1=" " ind2=" " tag="550"><subfield code="a">Organ of: Verkhovnyi&#774; Sovet Respubliki Gruzii&#65056;a&#65057;, 1991.</subfield></datafield><datafield ind1=" " ind2=" " tag="588"><subfield code="a">Latest issue consulted: 30 dek. 1993 g.</subfield></datafield><datafield ind1=" " ind2=" " tag="533"><subfield code="a">Microfilm.</subfield><subfield code="b">Minneapolis, Minn. :</subfield><subfield code="c">East-View Publications,</subfield><subfield code="d">1994-</subfield><subfield code="e">microfilm reels ; 35 mm.</subfield></datafield><datafield ind1=" " ind2="0" tag="651"><subfield code="a">T&#699;bilisi (Georgia)</subfield><subfield code="v">Newspapers.</subfield></datafield><datafield ind1=" " ind2="7" tag="651"><subfield code="a">Georgia (Republic)</subfield><subfield code="z">T&#699;bilisi.</subfield><subfield code="2">fast</subfield><subfield code="0">(OCoLC)fst01206337</subfield></datafield><datafield ind1=" " ind2="7" tag="655"><subfield code="a">Newspapers.</subfield><subfield code="2">fast</subfield><subfield code="0">(OCoLC)fst01423814</subfield></datafield><datafield ind1="1" ind2=" " tag="710"><subfield code="a">Georgia (Republic).</subfield><subfield code="b">Uzenaesi sabc&#780;o.</subfield></datafield><datafield ind1=" " ind2=" " tag="752"><subfield code="a">Georgia (Republic)</subfield><subfield code="d">T&#699;bilisi.</subfield></datafield><datafield ind1="1" ind2=" " tag="776"><subfield code="c">Original</subfield><subfield code="w">(DLC)sn 91027134</subfield><subfield code="w">(OCoLC)24167481</subfield></datafield><datafield ind1="0" ind2="0" tag="780"><subfield code="t">Vestnik Gruzii</subfield><subfield code="w">(DLC)  2001252281</subfield><subfield code="w">(OCoLC)32658408</subfield></datafield><datafield ind1=" " ind2=" " tag="850"><subfield code="a">ICRL</subfield></datafield><datafield ind1="1" ind2=" " tag="029"><subfield code="a">AU@</subfield><subfield code="b">000012844022</subfield></datafield></record>